<record><leader>00000cas a2200000 a 4500</leader><controlfield tag="001">18149007</controlfield><controlfield tag="008">880629c18949999miudn ne      0    0eng c</controlfield><datafield ind1=" " ind2=" " tag="010"><subfield code="a">sn 88086213 </subfield></datafield><datafield ind1=" " ind2=" " tag="040"><subfield code="a">NPV</subfield><subfield code="b">eng</subfield><subfield code="c">NPV</subfield><subfield code="d">MHN</subfield><subfield code="d">OCL</subfield><subfield code="d">OCLCQ</subfield><subfield code="d">OCLCF</subfield><subfield code="d">OCLCO</subfield></datafield><datafield ind1="1" ind2=" " tag="029"><subfield code="a">AU@</subfield><subfield code="b">000020527142</subfield></datafield><datafield ind1=" " ind2=" " tag="042"><subfield code="a">pcc</subfield></datafield><datafield ind1=" " ind2=" " tag="043"><subfield code="a">n-us-mi</subfield></datafield><datafield ind1="0" ind2="0" tag="245"><subfield code="a">Menominee County journal.</subfield></datafield><datafield ind1="3" ind2=" " tag="246"><subfield code="a">Menominee County journal consolidated with the Stephenson gazette</subfield><subfield code="b">July 28, 1894-Aug. 3, 1895</subfield></datafield><datafield ind1=" " ind2=" " tag="260"><subfield code="a">Stephenson, Mich. :</subfield><subfield code="b">Douville and Woessner,</subfield><subfield code="c">1894-</subfield></datafield><datafield ind1=" " ind2=" " tag="300"><subfield code="a">v.</subfield></datafield><datafield ind1=" " ind2=" " tag="310"><subfield code="a">Weekly</subfield></datafield><datafield ind1="0" ind2=" " tag="362"><subfield code="a">Vol. 1, no. 51 (July 28, 1894)-</subfield></datafield><datafield ind1=" " ind2=" " tag="500"><subfield code="a">Publisher varies.</subfield></datafield><datafield ind1=" " ind2=" " tag="515"><subfield code="a">Issues for: July 28, 1894-Aug. 9, 1902, also called: Gazette, Vol. 5, no. 3-v. 13, no. 6.</subfield></datafield><datafield ind1=" " ind2="0" tag="651"><subfield code="a">Menominee (Mich.)</subfield><subfield code="v">Newspapers.</subfield></datafield><datafield ind1=" " ind2="0" tag="651"><subfield code="a">Menominee County (Mich.)</subfield><subfield code="v">Newspapers.</subfield></datafield><datafield ind1=" " ind2="7" tag="655"><subfield code="a">Newspapers.</subfield><subfield code="2">fast</subfield><subfield code="0">(OCoLC)fst01423814</subfield></datafield><datafield ind1=" " ind2="7" tag="651"><subfield code="a">Michigan</subfield><subfield code="z">Menominee.</subfield><subfield code="2">fast</subfield><subfield code="0">(OCoLC)fst01232906</subfield></datafield><datafield ind1=" " ind2="7" tag="651"><subfield code="a">Michigan</subfield><subfield code="z">Menominee County.</subfield><subfield code="2">fast</subfield><subfield code="0">(OCoLC)fst01214745</subfield></datafield><datafield ind1=" " ind2=" " tag="752"><subfield code="a">United States</subfield><subfield code="b">Michigan</subfield><subfield code="c">Menominee</subfield><subfield code="d">Stephenson.</subfield></datafield><datafield ind1="0" ind2="0" tag="780"><subfield code="t">Twice-a-week Menominee journal</subfield><subfield code="w">(DLC)sn 88086215</subfield><subfield code="w">(OCoLC)18150184</subfield></datafield><datafield ind1="0" ind2="5" tag="780"><subfield code="t">Stephenson gazette</subfield></datafield></record>